@inproceedings{schaeger-splc2010,
year={2010},
title={Delta-Oriented Programming of Software Product Lines},
publisher={Springer Berlin Heidelberg},
author={Schaefer, Ina and Bettini, Lorenzo and Bono, Viviana and Damiani, Ferruccio and Tanzarella, Nico},
pages={77--91},
series={SPLC '10},
booktitle={Proceedings of the 2010 International Conference on Software Product Lines},
location={Jeju Island, South Korea}
}

@inproceedings{koscielny-ppj14,
 author = {Koscielny, Jonathan and Holthusen, S\"{o}nke and Schaefer, Ina and Schulze, Sandro and Bettini, Lorenzo and Damiani, Ferruccio},
 title = {DeltaJ 1.5: Delta-oriented Programming for Java 1.5},
 booktitle = {Proceedings of the 2014 International Conference on Principles and Practices of Programming on the Java Platform: Virtual Machines, Languages, and Tools},
 series = {PPPJ '14},
 year = {2014},
 location = {Cracow, Poland},
 pages = {63--74},
  publisher = {ACM}
}

@book{dr-book,
  title={Design rules: The power of modularity},
  author={Baldwin, Carliss Young and Clark, Kim B},
  volume={1},
  year={2000},
  publisher={MIT press}
}

@inproceedings{neves-gpce2011,
 author = {Neves, La\'{\i}s and Teixeira, Leopoldo and Sena, Dem\'{o}stenes and Alves, Vander and Kulezsa, Uir\'{a} and Borba, Paulo},
 title = {Investigating the Safe Evolution of Software Product Lines},
 booktitle = {Proceedings of the 10th ACM International Conference on Generative Programming and Component Engineering},
 series = {GPCE '11},
 year = {2011},
 location = {Portland, Oregon, USA},
 pages = {33--42},
 publisher = {ACM}
} 

@inproceedings{batory-icse2003,
 author = {Batory, Don and Sarvela, Jacob Neal and Rauschmayer, Axel},
 title = {Scaling Step-wise Refinement},
 booktitle = {Proceedings of the 25th International Conference on Software Engineering},
 series = {ICSE '03},
 year = {2003},
 location = {Portland, Oregon},
 pages = {187--197},
  publisher = {IEEE Computer Society}
}
 
